<record><leader>00000cas a22000007a 4500</leader><controlfield tag="001">13227422</controlfield><controlfield tag="008">860304c19689999wiuwr ne      0    0eng d</controlfield><datafield ind1=" " ind2=" " tag="010"><subfield code="a">sn 86086122 </subfield></datafield><datafield ind1=" " ind2=" " tag="040"><subfield code="a">NPV</subfield><subfield code="b">eng</subfield><subfield code="c">NPV</subfield><subfield code="d">OCLCQ</subfield></datafield><datafield ind1=" " ind2=" " tag="042"><subfield code="a">msc</subfield></datafield><datafield ind1=" " ind2=" " tag="045"><subfield code="a">x6--</subfield></datafield><datafield ind1=" " ind2=" " tag="052"><subfield code="a">4123</subfield><subfield code="b">L3</subfield></datafield><datafield ind1="0" ind2="4" tag="245"><subfield code="a">The Blade-atlas.</subfield></datafield><datafield ind1=" " ind2=" " tag="260"><subfield code="a">Blanchardville, Wis. :</subfield><subfield code="b">D.G. Novinski,</subfield><subfield code="c">1968-</subfield></datafield><datafield ind1=" " ind2=" " tag="300"><subfield code="a">v. :</subfield><subfield code="b">ill.</subfield></datafield><datafield ind1=" " ind2=" " tag="310"><subfield code="a">Weekly</subfield></datafield><datafield ind1="0" ind2=" " tag="362"><subfield code="a">Vol. 80, no. 40 (May 23, 1968)-</subfield></datafield><datafield ind1=" " ind2=" " tag="500"><subfield code="a">Editors: D.G. Novinski, May 23, 1968-Oct. 16, 1975; S. Frank, Oct. 23, 1975-Sept. 2, 1976; D. Piercy, Sept. 9, 1976-Dec. 15, 1977; B. Green, Dec. 22, 1977-Dec. 24, 1979.</subfield></datafield><datafield ind1=" " ind2=" " tag="530"><subfield code="a">Available on microfilm from The State Historical Society of Wisconsin.</subfield></datafield><datafield ind1=" " ind2=" " tag="752"><subfield code="a">United States</subfield><subfield code="b">Wisconsin</subfield><subfield code="c">Lafayette</subfield><subfield code="d">Argyle.</subfield></datafield><datafield ind1=" " ind2=" " tag="752"><subfield code="a">United States</subfield><subfield code="b">Wisconsin</subfield><subfield code="c">Lafayette</subfield><subfield code="d">Blanchardville.</subfield></datafield><datafield ind1="0" ind2="4" tag="780"><subfield code="t">Argyle atlas</subfield><subfield code="w">(DLC)sn 85041176</subfield></datafield><datafield ind1="0" ind2="4" tag="780"><subfield code="t">Blanchardville blade</subfield><subfield code="w">(DLC)sn 86086121</subfield></datafield><datafield ind1="1" ind2=" " tag="029"><subfield code="a">AU@</subfield><subfield code="b">000025823648</subfield></datafield></record>